<record><leader>00000cas a2200000 a 4500</leader><controlfield tag="001">35767079</controlfield><controlfield tag="008">961021d18971897miuwr ne      0    0eng c</controlfield><datafield ind1=" " ind2=" " tag="010"><subfield code="a">sn 96077174 </subfield></datafield><datafield ind1=" " ind2=" " tag="040"><subfield code="a">MHN</subfield><subfield code="b">eng</subfield><subfield code="c">MHN</subfield><subfield code="d">OCL</subfield><subfield code="d">OCLCQ</subfield><subfield code="d">OCLCF</subfield><subfield code="d">OCLCO</subfield></datafield><datafield ind1="1" ind2=" " tag="029"><subfield code="a">AU@</subfield><subfield code="b">000012911087</subfield></datafield><datafield ind1=" " ind2=" " tag="042"><subfield code="a">pcc</subfield></datafield><datafield ind1=" " ind2=" " tag="043"><subfield code="a">n-us-mi</subfield></datafield><datafield ind1="0" ind2="0" tag="245"><subfield code="a">Lapeer County courier and Democrat.</subfield></datafield><datafield ind1=" " ind2=" " tag="260"><subfield code="a">Lapeer, Mich. :</subfield><subfield code="b">H.C. Kudner</subfield></datafield><datafield ind1=" " ind2=" " tag="300"><subfield code="a">v.</subfield></datafield><datafield ind1=" " ind2=" " tag="310"><subfield code="a">Weekly</subfield></datafield><datafield ind1="0" ind2=" " tag="362"><subfield code="a">Vol. 57, no. 28 (Mar. 24, 1897)-v. 57, no. 36 (May 29, 1897).</subfield></datafield><datafield ind1=" " ind2="0" tag="651"><subfield code="a">Lapeer (Mich.)</subfield><subfield code="v">Newspapers.</subfield></datafield><datafield ind1=" " ind2="0" tag="651"><subfield code="a">Lapeer County (Mich.)</subfield><subfield code="v">Newspapers.</subfield></datafield><datafield ind1=" " ind2="7" tag="655"><subfield code="a">Newspapers.</subfield><subfield code="2">fast</subfield><subfield code="0">(OCoLC)fst01423814</subfield></datafield><datafield ind1=" " ind2="7" tag="651"><subfield code="a">Michigan</subfield><subfield code="z">Lapeer.</subfield><subfield code="2">fast</subfield><subfield code="0">(OCoLC)fst01231358</subfield></datafield><datafield ind1=" " ind2="7" tag="651"><subfield code="a">Michigan</subfield><subfield code="z">Lapeer County.</subfield><subfield code="2">fast</subfield><subfield code="0">(OCoLC)fst01204037</subfield></datafield><datafield ind1=" " ind2=" " tag="752"><subfield code="a">United States</subfield><subfield code="b">Michigan</subfield><subfield code="c">Lapeer</subfield><subfield code="d">Lapeer.</subfield></datafield><datafield ind1="0" ind2="0" tag="780"><subfield code="t">Lapeer County Democrat</subfield><subfield code="w">(DLC)sn 96077173</subfield><subfield code="w">(OCoLC)35767172</subfield></datafield><datafield ind1="0" ind2="0" tag="785"><subfield code="t">Lapeer County press and Democrat</subfield><subfield code="w">(DLC)sn 96077175</subfield><subfield code="w">(OCoLC)35766084</subfield></datafield></record>